%YAML 1.1
%TAG !u! tag:unity3d.com,2011:
--- !u!114 &-8592179664815218769
MonoBehaviour:
  m_ObjectHideFlags: 1
  m_CorrespondingSourceObject: {fileID: 0}
  m_PrefabInstance: {fileID: 0}
  m_PrefabAsset: {fileID: 0}
  m_GameObject: {fileID: 0}
  m_Enabled: 1
  m_EditorHideFlags: 0
  m_Script: {fileID: 11500000, guid: 2a16748d9461eae46a725db9776d5390, type: 3}
  m_Name: Markers
  m_EditorClassIdentifier: 
  m_Version: 3
  m_AnimClip: {fileID: 0}
  m_Locked: 0
  m_Muted: 0
  m_CustomPlayableFullTypename: 
  m_Curves: {fileID: 0}
  m_Parent: {fileID: 11400000}
  m_Children: []
  m_Clips: []
  m_Markers:
    m_Objects: []
--- !u!114 &-8365133399989047449
MonoBehaviour:
  m_ObjectHideFlags: 1
  m_CorrespondingSourceObject: {fileID: 0}
  m_PrefabInstance: {fileID: 0}
  m_PrefabAsset: {fileID: 0}
  m_GameObject: {fileID: 0}
  m_Enabled: 1
  m_EditorHideFlags: 0
  m_Script: {fileID: 11500000, guid: 15e0374501f39d54eb30235764636e0e, type: 3}
  m_Name: Story_010_Timeline
  m_EditorClassIdentifier: 
  m_Version: 3
  m_AnimClip: {fileID: 0}
  m_Locked: 0
  m_Muted: 0
  m_CustomPlayableFullTypename: 
  m_Curves: {fileID: 0}
  m_Parent: {fileID: 11400000}
  m_Children: []
  m_Clips:
  - m_Version: 1
    m_Start: 0
    m_ClipIn: 0
    m_Asset: {fileID: -5543022632221854971}
    m_Duration: 146.809982299805
    m_TimeScale: 1
    m_ParentTrack: {fileID: -8365133399989047449}
    m_EaseInDuration: 0
    m_EaseOutDuration: 0
    m_BlendInDuration: 0
    m_BlendOutDuration: 0
    m_MixInCurve:
      serializedVersion: 2
      m_Curve:
      - serializedVersion: 3
        time: 0
        value: 0
        inSlope: 0
        outSlope: 0
        tangentMode: 0
        weightedMode: 0
        inWeight: 0
        outWeight: 0
      - serializedVersion: 3
        time: 1
        value: 1
        inSlope: 0
        outSlope: 0
        tangentMode: 0
        weightedMode: 0
        inWeight: 0
        outWeight: 0
      m_PreInfinity: 2
      m_PostInfinity: 2
      m_RotationOrder: 4
    m_MixOutCurve:
      serializedVersion: 2
      m_Curve:
      - serializedVersion: 3
        time: 0
        value: 1
        inSlope: 0
        outSlope: 0
        tangentMode: 0
        weightedMode: 0
        inWeight: 0
        outWeight: 0
      - serializedVersion: 3
        time: 1
        value: 0
        inSlope: 0
        outSlope: 0
        tangentMode: 0
        weightedMode: 0
        inWeight: 0
        outWeight: 0
      m_PreInfinity: 2
      m_PostInfinity: 2
      m_RotationOrder: 4
    m_BlendInCurveMode: 0
    m_BlendOutCurveMode: 0
    m_ExposedParameterNames: []
    m_AnimationCurves: {fileID: 0}
    m_Recordable: 0
    m_PostExtrapolationMode: 0
    m_PreExtrapolationMode: 0
    m_PostExtrapolationTime: 0
    m_PreExtrapolationTime: 0
    m_DisplayName: 010_Timeline
  m_Markers:
    m_Objects: []
--- !u!114 &-6848344558661759801
MonoBehaviour:
  m_ObjectHideFlags: 1
  m_CorrespondingSourceObject: {fileID: 0}
  m_PrefabInstance: {fileID: 0}
  m_PrefabAsset: {fileID: 0}
  m_GameObject: {fileID: 0}
  m_Enabled: 1
  m_EditorHideFlags: 0
  m_Script: {fileID: 11500000, guid: 15e0374501f39d54eb30235764636e0e, type: 3}
  m_Name: Story_020_Timeline
  m_EditorClassIdentifier: 
  m_Version: 3
  m_AnimClip: {fileID: 0}
  m_Locked: 0
  m_Muted: 0
  m_CustomPlayableFullTypename: 
  m_Curves: {fileID: 0}
  m_Parent: {fileID: 11400000}
  m_Children: []
  m_Clips:
  - m_Version: 1
    m_Start: 146.809982299805
    m_ClipIn: 0
    m_Asset: {fileID: -3477706193888496301}
    m_Duration: 146.809982299805
    m_TimeScale: 1
    m_ParentTrack: {fileID: -6848344558661759801}
    m_EaseInDuration: 0
    m_EaseOutDuration: 0
    m_BlendInDuration: 0
    m_BlendOutDuration: 0
    m_MixInCurve:
      serializedVersion: 2
      m_Curve:
      - serializedVersion: 3
        time: 0
        value: 0
        inSlope: 0
        outSlope: 0
        tangentMode: 0
        weightedMode: 0
        inWeight: 0
        outWeight: 0
      - serializedVersion: 3
        time: 1
        value: 1
        inSlope: 0
        outSlope: 0
        tangentMode: 0
        weightedMode: 0
        inWeight: 0
        outWeight: 0
      m_PreInfinity: 2
      m_PostInfinity: 2
      m_RotationOrder: 4
    m_MixOutCurve:
      serializedVersion: 2
      m_Curve:
      - serializedVersion: 3
        time: 0
        value: 1
        inSlope: 0
        outSlope: 0
        tangentMode: 0
        weightedMode: 0
        inWeight: 0
        outWeight: 0
      - serializedVersion: 3
        time: 1
        value: 0
        inSlope: 0
        outSlope: 0
        tangentMode: 0
        weightedMode: 0
        inWeight: 0
        outWeight: 0
      m_PreInfinity: 2
      m_PostInfinity: 2
      m_RotationOrder: 4
    m_BlendInCurveMode: 0
    m_BlendOutCurveMode: 0
    m_ExposedParameterNames: []
    m_AnimationCurves: {fileID: 0}
    m_Recordable: 0
    m_PostExtrapolationMode: 0
    m_PreExtrapolationMode: 0
    m_PostExtrapolationTime: 0
    m_PreExtrapolationTime: 0
    m_DisplayName: 020_Timeline
  m_Markers:
    m_Objects: []
--- !u!114 &-5543022632221854971
MonoBehaviour:
  m_ObjectHideFlags: 1
  m_CorrespondingSourceObject: {fileID: 0}
  m_PrefabInstance: {fileID: 0}
  m_PrefabAsset: {fileID: 0}
  m_GameObject: {fileID: 0}
  m_Enabled: 1
  m_EditorHideFlags: 0
  m_Script: {fileID: 11500000, guid: 48853ae485fa386428341ac1ea122570, type: 3}
  m_Name: ControlPlayableAsset
  m_EditorClassIdentifier: 
  sourceGameObject:
    exposedName: 28d6618ba8860774da26ee251963f5a9
    defaultValue: {fileID: 0}
  prefabGameObject: {fileID: 0}
  updateParticle: 1
  particleRandomSeed: 1116
  updateDirector: 1
  updateITimeControl: 1
  searchHierarchy: 0
  active: 1
  postPlayback: 2
--- !u!114 &-3477706193888496301
MonoBehaviour:
  m_ObjectHideFlags: 1
  m_CorrespondingSourceObject: {fileID: 0}
  m_PrefabInstance: {fileID: 0}
  m_PrefabAsset: {fileID: 0}
  m_GameObject: {fileID: 0}
  m_Enabled: 1
  m_EditorHideFlags: 0
  m_Script: {fileID: 11500000, guid: 48853ae485fa386428341ac1ea122570, type: 3}
  m_Name: ControlPlayableAsset
  m_EditorClassIdentifier: 
  sourceGameObject:
    exposedName: 6e5494815663f494280b9bdce9ca2603
    defaultValue: {fileID: 0}
  prefabGameObject: {fileID: 0}
  updateParticle: 1
  particleRandomSeed: 9390
  updateDirector: 1
  updateITimeControl: 1
  searchHierarchy: 0
  active: 1
  postPlayback: 2
--- !u!114 &-2171342576690234037
MonoBehaviour:
  m_ObjectHideFlags: 1
  m_CorrespondingSourceObject: {fileID: 0}
  m_PrefabInstance: {fileID: 0}
  m_PrefabAsset: {fileID: 0}
  m_GameObject: {fileID: 0}
  m_Enabled: 1
  m_EditorHideFlags: 0
  m_Script: {fileID: 11500000, guid: 15e0374501f39d54eb30235764636e0e, type: 3}
  m_Name: Story_030_Timeline
  m_EditorClassIdentifier: 
  m_Version: 3
  m_AnimClip: {fileID: 0}
  m_Locked: 0
  m_Muted: 0
  m_CustomPlayableFullTypename: 
  m_Curves: {fileID: 0}
  m_Parent: {fileID: 11400000}
  m_Children: []
  m_Clips:
  - m_Version: 1
    m_Start: 293.61996459961
    m_ClipIn: 0
    m_Asset: {fileID: 1277484431966912463}
    m_Duration: 146.809982299805
    m_TimeScale: 1
    m_ParentTrack: {fileID: -2171342576690234037}
    m_EaseInDuration: 0
    m_EaseOutDuration: 0
    m_BlendInDuration: 0
    m_BlendOutDuration: 0
    m_MixInCurve:
      serializedVersion: 2
      m_Curve:
      - serializedVersion: 3
        time: 0
        value: 0
        inSlope: 0
        outSlope: 0
        tangentMode: 0
        weightedMode: 0
        inWeight: 0
        outWeight: 0
      - serializedVersion: 3
        time: 1
        value: 1
        inSlope: 0
        outSlope: 0
        tangentMode: 0
        weightedMode: 0
        inWeight: 0
        outWeight: 0
      m_PreInfinity: 2
      m_PostInfinity: 2
      m_RotationOrder: 4
    m_MixOutCurve:
      serializedVersion: 2
      m_Curve:
      - serializedVersion: 3
        time: 0
        value: 1
        inSlope: 0
        outSlope: 0
        tangentMode: 0
        weightedMode: 0
        inWeight: 0
        outWeight: 0
      - serializedVersion: 3
        time: 1
        value: 0
        inSlope: 0
        outSlope: 0
        tangentMode: 0
        weightedMode: 0
        inWeight: 0
        outWeight: 0
      m_PreInfinity: 2
      m_PostInfinity: 2
      m_RotationOrder: 4
    m_BlendInCurveMode: 0
    m_BlendOutCurveMode: 0
    m_ExposedParameterNames: []
    m_AnimationCurves: {fileID: 0}
    m_Recordable: 0
    m_PostExtrapolationMode: 0
    m_PreExtrapolationMode: 0
    m_PostExtrapolationTime: 0
    m_PreExtrapolationTime: 0
    m_DisplayName: 030_Timeline
  m_Markers:
    m_Objects: []
--- !u!114 &11400000
MonoBehaviour:
  m_ObjectHideFlags: 0
  m_CorrespondingSourceObject: {fileID: 0}
  m_PrefabInstance: {fileID: 0}
  m_PrefabAsset: {fileID: 0}
  m_GameObject: {fileID: 0}
  m_Enabled: 1
  m_EditorHideFlags: 0
  m_Script: {fileID: 11500000, guid: bfda56da833e2384a9677cd3c976a436, type: 3}
  m_Name: Master_Timeline
  m_EditorClassIdentifier: 
  m_Version: 0
  m_Tracks:
  - {fileID: -8365133399989047449}
  - {fileID: -6848344558661759801}
  - {fileID: -2171342576690234037}
  m_FixedDuration: 0
  m_EditorSettings:
    m_Framerate: 24
  m_DurationMode: 0
  m_MarkerTrack: {fileID: -8592179664815218769}
--- !u!114 &1277484431966912463
MonoBehaviour:
  m_ObjectHideFlags: 1
  m_CorrespondingSourceObject: {fileID: 0}
  m_PrefabInstance: {fileID: 0}
  m_PrefabAsset: {fileID: 0}
  m_GameObject: {fileID: 0}
  m_Enabled: 1
  m_EditorHideFlags: 0
  m_Script: {fileID: 11500000, guid: 48853ae485fa386428341ac1ea122570, type: 3}
  m_Name: ControlPlayableAsset
  m_EditorClassIdentifier: 
  sourceGameObject:
    exposedName: 1988d08983beab04481fa9ef7ed605a7
    defaultValue: {fileID: 0}
  prefabGameObject: {fileID: 0}
  updateParticle: 1
  particleRandomSeed: 5429
  updateDirector: 1
  updateITimeControl: 1
  searchHierarchy: 0
  active: 1
  postPlayback: 2
